@conference{Jose_Ramon_Martinez-Batlle_108106153,
title={Cartograf{\'i}a geomorfol{\'o}gica de detalle de un r{\'i}o tropical usando fotograf{\'i}as a{\'e}reas de resoluci{\'o}n centim{\'e}trica y deep learning},
journal={XX Jornada de Investigaci{\'o}n Cient{\'i}fica. Universidad Aut{\'o}noma de Santo Domingo (UASD)},
author={Jos{\'e} Ram{\'o}n Mart{\'i}nez-Batlle},
year={2021}
},
@conference{Jose_Ramon_Martinez-Batlle_108106177,
title={Deforestaci{\'o}n y fuego en Rep{\'u}blica Dominicana durante el siglo XXI},
journal={XX Jornada de Investigaci{\'o}n Cient{\'i}fica. Universidad Aut{\'o}noma de Santo Domingo (UASD)},
author={Jos{\'e} Ram{\'o}n Mart{\'i}nez-Batlle},
year={2021}
},
@conference{Jose_Ramon_Martinez-Batlle_108106129,
title={Deformaci{\'o}n superficial en la ciudad de Santo Domingo usando small baseline subset (SBAS)},
journal={XX Jornada de Investigaci{\'o}n Cient{\'i}fica. Universidad Aut{\'o}noma de Santo Domingo (UASD)},
author={Jos{\'e} Ram{\'o}n Mart{\'i}nez-Batlle},
year={2021}
},
@conference{Jose_Ramon_Martinez-Batlle_108106194,
title={Revisitando RTK para todos. Sistema base-rover GNSS-RTK multibanda y multiconstelaci{\'o}n de bajo costo},
journal={XX Jornada de Investigaci{\'o}n Cient{\'i}fica. Universidad Aut{\'o}noma de Santo Domingo (UASD)},
author={Jos{\'e} Ram{\'o}n Mart{\'i}nez-Batlle},
year={2021}
},
@misc{https://doi.org/10.5281/zenodo.5694017,  doi = {10.5281/ZENODO.5694017},  url = {https://zenodo.org/record/5694017},  author = {Martínez-Batlle, José Ramón},  title = {geofis/forest-loss-fire-reproducible: First release},  publisher = {Zenodo},  year = {2021},  copyright = {Open Access}},
@misc{https://doi.org/10.5281/zenodo.5682104,  doi = {10.5281/ZENODO.5682104},  url = {https://zenodo.org/record/5682104},  author = {Martínez-Batlle, José Ramón},  keywords = {deforestation, spatial autoregressive models, spatial autocorrelation, forest cover, forest change},  language = {es},  title = {Dataset for: Forest loss and fire in the Dominican Republic during the 21st Century},  publisher = {Zenodo},  year = {2021},  copyright = {Creative Commons Attribution 4.0 International}},
@misc{Jose_Ramon_Martinez-Batlle_108096224,
title={Fuego y deforestaci{\'o}n. Vistazo nacional, acercamiento a Valle Nuevo},
journal={Grupo de discusi{\'o}n e intercambio cient{\'i}fico {"}Plagiodontia{"}. Museo Nacional de Historia Natural {"}Prof. Eugenio de Jes{\'u}s Marcano{"}},
author={Jos{\'e} Ram{\'o}n Mart{\'i}nez-Batlle},
year={2021}
},
@article{Batlle_2021,
	doi = {10.1101/2021.06.15.448604},
	url = {https://doi.org/10.1101%2F2021.06.15.448604},
	year = 2021,
	month = {jun},
	publisher = {Cold Spring Harbor Laboratory},
	author = {Martínez-Batlle, José Ramón},
	title = {Forest loss and fire in the Dominican Republic during the 21st Century}
},
@article{Mart_nez_Batlle_2021,
	doi = {10.1080/23766808.2021.1987769},
	url = {https://doi.org/10.1080%2F23766808.2021.1987769},
	year = 2021,
	month = {jan},
	publisher = {Informa {UK} Limited},
	volume = {7},
	number = {1},
	pages = {465--475},
	author = {Martínez-Batlle, José Ramón and van-der-Hoek, Yntze},
	title = {Plant community associations with morpho-topographic, geological and land use attributes in a semi-deciduous tropical forest of the Dominican Republic},
	journal = {Neotropical Biodiversity}
},
@article{Martinez_Batlle_2020,
	doi = {10.1101/2020.08.04.235390},
	url = {https://doi.org/10.1101%2F2020.08.04.235390},
	year = 2020,
	month = {aug},
	publisher = {Cold Spring Harbor Laboratory},
	author = {Martínez-Batlle, José Ramón and van-der-Hoek, Yntze},
	title = {Plant community associations with environmental variables in a semi-deciduous tropical forest of the Dominican Republic}
},
@article{C_mara_Artigas_2020,
	doi = {10.21138/bage.2915},
	url = {https://doi.org/10.21138%2Fbage.2915},
	year = 2020,
	month = {jun},
	publisher = {Asociacion Espanola de Geografia},
	number = {85},
	author = {Cámara-Artigas, Rafael and Díaz-del-Olmo, Fernando and Martínez-Batlle, José Ramón},
	title = {{TBRs}, a methodology for the multi-scalar cartographic analysis of the distribution of plant formations},
	journal = {Bolet{\'i}n de la Asociaci{\'o}n de Ge{\'o}grafos Espa{\~n}oles}
},
@conference{Jose_Ramon_Martinez-Batlle_108106017,
title={Estimaci{\'o}n de la granulometr{\'i}a de carga gruesa superficial mediante fotograf{\'i}as de alta resoluci{\'o}n tomadas por UAV},
journal={XVIII Jornada de Investigaci{\'o}n Cient{\'i}fica. Universidad Aut{\'o}noma de Santo Domingo (UASD)},
author={Jos{\'e} Ram{\'o}n Mart{\'i}nez-Batlle},
year={2019}
},
@conference{Jose_Ramon_Martinez-Batlle_108105769,
title={Geomorfolog{\'i}a de detalle de un tramo de 1 kil{\'o}metro del r{\'i}o Mana, proximidades de Villa Altagracia, Rep{\'u}blica Dominicana},
journal={XVIII Jornada de Investigaci{\'o}n Cient{\'i}fica. Universidad Aut{\'o}noma de Santo Domingo (UASD)},
author={Jos{\'e} Ram{\'o}n Mart{\'i}nez-Batlle},
year={2019}
},
@conference{Jose_Ramon_Martinez-Batlle_108106039,
title={Historia de un rechazo: ordenaci{\'o}n de comunidades plantas de Ocoa, revisitada},
journal={XVIII Jornada de Investigaci{\'o}n Cient{\'i}fica. Universidad Aut{\'o}noma de Santo Domingo (UASD)},
author={Jos{\'e} Ram{\'o}n Mart{\'i}nez-Batlle},
year={2019}
},
@conference{Jose_Ramon_Martinez-Batlle_108106059,
title={RTK para todos. Unidad GNSS de bajo costo basado en Raspberry Pi: primeros resultados y potenciales aplicaciones},
journal={XVIII Jornada de Investigaci{\'o}n Cient{\'i}fica. Universidad Aut{\'o}noma de Santo Domingo (UASD)},
author={Jos{\'e} Ram{\'o}n Mart{\'i}nez-Batlle},
year={2019}
},
@article{Jose_Ramon_Martinez-Batlle_76604230,
title={Drainage Rearrangement as a Driver of Geomorphological Evolution During the Upper Pleistocene in a Small Tropical Basin},
journal={Journal of Geography and Geology},
author={Jos{\'e} Ram{\'o}n Mart{\'i}nez-Batlle},
doi={10.31223/OSF.IO/PFZVQ},
url={http://doi.org/10.31223/OSF.IO/PFZVQ},
issn={1916-9787},
year={2019}
},
@misc{Jose_Ramon_Martinez-Batlle_108096060,
title={Reorganizaci{\'o}n del drenaje durante el Pleistoceno Superior en la cuenca del r{\'i}o Ocoa},
journal={2do. Congreso Internacional de Geolog{\'i}a Aplicada de Rep{\'u}blica Dominicana. Sociedad Dominicana de Geolog{\'i}a},
author={Jos{\'e} Ram{\'o}n Mart{\'i}nez-Batlle},
year={2019}
},
@article{Mart_nez_Batlle_2018,
	doi = {10.1371/journal.pone.0208780},
	url = {https://doi.org/10.1371%2Fjournal.pone.0208780},
	year = 2018,
	month = {dec},
	publisher = {Public Library of Science ({PLoS})},
	volume = {13},
	number = {12},
	pages = {e0208780},
	author = {Martínez-Batlle, José Ramón and van-der-Hoek, Yntze},
	editor = {Christopher Bone},
	title = {Clusters of high abundance of plants detected from local indicators of spatial association ({LISA}) in a semi-deciduous tropical forest},
	journal = {{PLOS} {ONE}}
},
@conference{Jose_Ramon_Martinez-Batlle_108008287,
title={Reorganizaci{\'o}n del drenaje durante el Pleistoceno Superior en la cuenca del r{\'i}o Ocoa},
journal={XVII Jornada de Investigaci{\'o}n Cient{\'i}fica. Universidad Aut{\'o}noma de Santo Domingo (UASD)},
author={Jos{\'e} Ram{\'o}n Mart{\'i}nez-Batlle},
year={2018}
},
@misc{Jose_Ramon_Martinez-Batlle_76604201,
title={Digital photogrammetry of historical aerial photographs using open-source software},
journal={EarthArXiv},
author={Jos{\'e} Ram{\'o}n Mart{\'i}nez-Batlle},
doi={10.31223/osf.io/bna95},
url={http://doi.org/10.31223/osf.io/bna95},
year={2018}
},
@conference{Jose_Ramon_Martinez-Batlle_108164639,
title={An{\'a}lisis con escasos recursos y t{\'e}cnicas libres: diversidad y asociaci{\'o}n de comunidades de plantas con variables ambientales},
journal={XIV Congreso Internacional de Investigaci{\'o}n Cient{\'i}fica. Ministerio de Educaci{\'o}n Superior, Ciencia y Tecnolog{\'i}a (MESCyT)},
author={Jos{\'e} Ram{\'o}n Mart{\'i}nez-Batlle},
year={2018}
},
@conference{Jose_Ramon_Martinez-Batlle_108164664,
title={Asociaci{\'o}n de comunidades de plantas con variables ambientales en un bosque semideciduo tropical de Rep{\'u}blica Dominicana},
journal={XIV Congreso Internacional de Investigaci{\'o}n Cient{\'i}fica. Ministerio de Educaci{\'o}n Superior, Ciencia y Tecnolog{\'i}a (MESCyT)},
author={Martínez-Batlle, José Ramón and van-der-Hoek, Yntze},
year={2018}
},
@conference{Jose_Ramon_Martinez-Batlle_108164842,
title={Diversidad de hormigas en el Jard{\'i}n Bot{\'a}nico Nacional y el Parque Mirador del Norte},
journal={XIV Congreso Internacional de Investigaci{\'o}n Cient{\'i}fica. Ministerio de Educaci{\'o}n Superior, Ciencia y Tecnolog{\'i}a (MESCyT)},
author={Martínez-Batlle, José Ramón and Navarro-Morales, Santo Q. and Lubertazzi, David and Sánchez-Rosario, América and Sosa-Hernández, Diyael A. and Manzueta-Acevedo, P. Katherin and Martínez-Uribe, Judá I. and García-Disla, Stephanie O.},
year={2018}
},
@conference{Jose_Ramon_Martinez-Batlle_108164731,
title={Software de c{\'o}digo abierto y gratuito para fotogrametr{\'i}a digital y SIG en la producci{\'o}n de cartograf{\'i}a geomorfol{\'o}gica, utilizando como fuentes fotograf{\'i}as {\'a}ereas tradicionales adquiridas con c{\'a}mara fotogram{\'e}trica. Aplicaci{\'o}n a la cuenca del r{\'i}o Ocoa},
journal={XIV Congreso Internacional de Investigaci{\'o}n Cient{\'i}fica. Ministerio de Educaci{\'o}n Superior, Ciencia y Tecnolog{\'i}a (MESCyT)},
author={Jos{\'e} Ram{\'o}n Mart{\'i}nez-Batlle},
year={2018}
},
@inproceedings{rodriguez2018analisis, title= {An{\'a}lisis estad{\'i}stico espacial de las p{\'e}rdidas en la ocupaci{\'o}n de las formaciones adehesadas en Sierra Morena (1956-2007)}, author= {Rodríguez, Eva Beatriz and Martínez-Batlle, José Ramón and Cámara-Artigas, Rafael and Silva-Pérez, Rocío}, booktitle= {Bosque mediterr{\'a}neo y humedales: paisaje, evoluci{\'o}n y conservaci{\'o}n: aportaciones desde la biogeograf{\'i}a}, pages= {711--721}, year= {2018}, organization= {Almud, Ediciones de Castilla-La Mancha}}
,
@inproceedings{del2018manglares, title= {Manglares de Chiriquí (costa del Pacífico, Panamá): Diagnóstico biogeomorfológico aplicado a la conservación de costas tropicales}, author= {Díaz-del-Olmo, Fernando and Cámara-Artigas, Rafael and Martínez-Batlle, José Ramón and Morón-Monge, María del Carmen}, booktitle= {América Latina en las últimas décadas: procesos y retos}, pages= {81--100}, year= {2018}, organization= {Ediciones de la Universidad de Castilla-La Mancha}}

,
@conference{Jose_Ramon_Martinez-Batlle_108105108,
title={Asociaciones de especies con variables ambientales en un bosque semideciduo tropical de Rep{\'u}blica Dominicana},
journal={XVI Jornada de Investigaci{\'o}n Cient{\'i}fica. Universidad Aut{\'o}noma de Santo Domingo (UASD)},
author={Martínez-Batlle, José Ramón and van-der-Hoek, Yntze},
year={2017}
},
@conference{Jose_Ramon_Martinez-Batlle_108105172,
title={Clusters de alta abundancia de plantas detectados mediante indicadores locales de asociaci{\'o}n espacial (LISA) en un bosque semideciduo tropical},
journal={XVI Jornada de Investigaci{\'o}n Cient{\'i}fica. Universidad Aut{\'o}noma de Santo Domingo (UASD)},
author={Martínez-Batlle, José Ramón and van-der-Hoek, Yntze},
year={2017}
},
@misc{Jose_Ramon_Martinez-Batlle_108520061,
title={Introducci{\'o}n a la fotogrametr{\'i}a aplicada a im{\'a}genes tomadas desde sistemas de aeronaves pilotadas a distancia (RPAS) o drones},
author={Jos{\'e} Ram{\'o}n Mart{\'i}nez-Batlle},
year={2017}
},
@conference{Jose_Ramon_Martinez-Batlle_108008472,
title={ Detecci{\'o}n de hotspots de biodiversidad dentro de transectos mediante autocorrelaci{\'o}n espacial, y su relaci{\'o}n con el h{\'a}bito de plantas arborescentes},
journal={XIII Congreso Internacional de Investigaci{\'o}n Cient{\'i}fica. Ministerio de Educaci{\'o}n Superior, Ciencia y Tecnolog{\'i}a (MESCyT)},
author={Martínez-Batlle, José Ramón and van-der-Hoek, Yntze},
year={2017}
},
@conference{Jose_Ramon_Martinez-Batlle_108008490,
title={Algoritmo desarrollado en R para generar im{\'a}genes de sat{\'e}lite libres de nubes},
journal={XIII Congreso Internacional de Investigaci{\'o}n Cient{\'i}fica. Ministerio de Educaci{\'o}n Superior, Ciencia y Tecnolog{\'i}a (MESCyT)},
author={Jos{\'e} Ram{\'o}n Mart{\'i}nez-Batlle},
year={2017}
},
@conference{Jose_Ramon_Martinez-Batlle_108008425,
title={Dise{\~n}o de muestreo con caracterizaci{\'o}n semiautom{\'a}tica de variables del territorio mediante R y QGIS. Aplicaci{\'o}n en {\'a}reas urbanas},
journal={XIII Congreso Internacional de Investigaci{\'o}n Cient{\'i}fica. Ministerio de Educaci{\'o}n Superior, Ciencia y Tecnolog{\'i}a (MESCyT)},
author={Jos{\'e} Ram{\'o}n Mart{\'i}nez-Batlle},
year={2017}
},
@conference{Jose_Ramon_Martinez-Batlle_108010451,
title={An{\'a}lisis de diversidad de plantas le{\~n}osas y arborescentes de la cuenca media del r{\'i}o Ocoa},
journal={IX Congreso de la Biodiversidad Caribe{\~n}a. Universidad Aut{\'o}noma de Santo Domingo (UASD)},
author={Jos{\'e} Ram{\'o}n Mart{\'i}nez-Batlle},
year={2017}
},
@conference{Jose_Ramon_Martinez-Batlle_108010431,
title={Biodiversidad y caracterizaci{\'o}n flor{\'i}stica en etapas serales de la vegetaci{\'o}n del parque nacional Mirador Norte},
journal={IX Congreso de la Biodiversidad Caribe{\~n}a. Universidad Aut{\'o}noma de Santo Domingo (UASD)},
author={Heredia, Yerani and Martínez-Batlle, José Ramón},
year={2017}
},
@conference{Jose_Ramon_Martinez-Batlle_108104972,
title={Estimaci{\'o}n del porcentaje de cobertura arb{\'o}rea de la cuenca del r{\'i}o Ocoa mediante clasificaci{\'o}n de im{\'a}genes Landsat y Pl{\'e}iades},
journal={XV Jornada de Investigaci{\'o}n Cient{\'i}fica. Universidad Aut{\'o}noma de Santo Domingo (UASD)},
author={Jos{\'e} Ram{\'o}n Mart{\'i}nez-Batlle},
year={2016}
},
@misc{Jose_Ramon_Martinez-Batlle_108095974,
title={Valle Nuevo es ... cambios},
journal={Panel {"}Valle Nuevo es agua{"}. Academia de Ciencias de la Rep{\'u}blica Dominicana},
author={Jos{\'e} Ram{\'o}n Mart{\'i}nez-Batlle},
year={2016}
},
@conference{Jose_Ramon_Martinez-Batlle_108041435,
title={Clasificaci{\'o}n de microcuencas de orden 2 a partir de sus par{\'a}metros morfom{\'e}tricos. Relaci{\'o}n con factores litol{\'o}gicos},
journal={XII Congreso Internacional de Investigaci{\'o}n Cient{\'i}fica. Ministerio de Educaci{\'o}n Superior, Ciencia y Tecnolog{\'i}a (MESCyT)},
author={Martínez-Batlle, José Ramón and Rojas-Valerio, Wendy and De-Aza-Concepción, María},
year={2016}
},
@conference{Jose_Ramon_Martinez-Batlle_108041097,
title={Desprendimiento El Canal, cuenca del r{\'i}o Ocoa: an{\'a}lisis del cambio en un movimiento de ladera mediante fotogrametr{\'i}a digital y geoestad{\'i}stica},
journal={XII Congreso Internacional de Investigaci{\'o}n Cient{\'i}fica. Ministerio de Educaci{\'o}n Superior, Ciencia y Tecnolog{\'i}a (MESCyT)},
author={Martínez-Batlle, José Ramón and Laurencio-Girón, Gerónimo},
year={2016}
},
@conference{Jose_Ramon_Martinez-Batlle_108041325,
title={Determinaci{\'o}n semiautom{\'a}tica de la superficie quemada mediante teledetecci{\'o}n de imagen Landsat OLI/TIRS: el incendio de Valle Nuevo de mayo de 2015},
journal={XII Congreso Internacional de Investigaci{\'o}n Cient{\'i}fica. Ministerio de Educaci{\'o}n Superior, Ciencia y Tecnolog{\'i}a (MESCyT)},
author={Jos{\'e} Ram{\'o}n Mart{\'i}nez-Batlle},
year={2016}
},
@conference{Jose_Ramon_Martinez-Batlle_108041498,
title={Diversidad y patrones espaciales de vegetaci{\'o}n arborescente en bosque semideciduo: an{\'a}lisis con estad{\'i}stica univariada y geoestad{\'i}stica},
journal={XII Congreso Internacional de Investigaci{\'o}n Cient{\'i}fica. Ministerio de Educaci{\'o}n Superior, Ciencia y Tecnolog{\'i}a (MESCyT)},
author={Jos{\'e} Ram{\'o}n Mart{\'i}nez-Batlle},
year={2016}
},
@conference{Jose_Ramon_Martinez-Batlle_108010543,
title={Estimaci{\'o}n del porcentaje de cobertura arb{\'o}rea de la cuenca del r{\'i}o Ocoa mediante clasificaci{\'o}n de im{\'a}genes Landsat y Pl{\'e}iades},
journal={XII Congreso Internacional de Investigaci{\'o}n Cient{\'i}fica. Ministerio de Educaci{\'o}n Superior, Ciencia y Tecnolog{\'i}a (MESCyT)},
author={Martínez-Batlle, José Ramón and Laurencio-Girón, Gerónimo},
year={2016}
},
@conference{Jose_Ramon_Martinez-Batlle_108010605,
title={Terraza del Pleistoceno Superior del tramo medio de la cuenca del r{\'i}o Ocoa: resultados preliminares de dataciones por radiocarbono utilizando AMS},
journal={XII Congreso Internacional de Investigaci{\'o}n Cient{\'i}fica. Ministerio de Educaci{\'o}n Superior, Ciencia y Tecnolog{\'i}a (MESCyT)},
author={Jos{\'e} Ram{\'o}n Mart{\'i}nez-Batlle},
year={2016}
},
@article{Jose_Ramon_Martinez-Batlle_76609746,
title={Diversidad alpha y factores f{\'i}sicos de bosques tropicales con contraste estacional, cuenca del r{\'i}o Ocoa},
journal={Anuario de Investigaciones Cient{\'i}ficas. Universidad Aut{\'o}noma de Santo Domingo (UASD)},
author={Martínez-Batlle, José Ramón and Santos-Grullón, Iris and Laurencio-Girón, Gerónimo and Cámara-Artigas, Rafael and Valerio-Rojas, Wendy and De-Aza-Concepción, María and Medina-Castillo, Edwin},
year={2016}
},
@conference{Jose_Ramon_Martinez-Batlle_108041630,
title={Biodiversidad, geoestad{\'i}stica y factores litogeomorfol{\'o}gicos. Una aplicaci{\'o}n a muestreos de flora en Rep{\'u}blica Dominicana},
journal={XIV Jornadas de Investigaci{\'o}n Cient{\'i}fica. Universidad Aut{\'o}noma de Santo Domingo (UASD)},
author={Jos{\'e} Ram{\'o}n Mart{\'i}nez-Batlle},
year={2015}
},
@misc{Jose_Ramon_Martinez-Batlle_108095931,
title={Bosques en r{\'e}gimen tropical y con contraste estacional de la cuenca del r{\'i}o Ocoa. Diversidad alpha y factores explicativos},
journal={Grupo de discusi{\'o}n e intercambio cient{\'i}fico {"}Plagiodontia{"}. Museo Nacional de Historia Natural \textquotedblleftProf. Eugenio de Jes{\'u}s Marcano\textquotedblright},
author={Jos{\'e} Ram{\'o}n Mart{\'i}nez-Batlle},
year={2015}
},
@conference{Jose_Ramon_Martinez-Batlle_108046725,
title={An{\'a}lisis de componentes principales de deslizamientos superficiales en laderas de la cuenca del r{\'i}o Ocoa, Rep{\'u}blica Dominicana},
journal={XI Congreso Internacional de Investigaci{\'o}n Cient{\'i}fica. Ministerio de Educaci{\'o}n Superior, Ciencia y Tecnolog{\'i}a (MESCyT)},
author={Barrios-Rodríguez, Magdiel and Martínez-Batlle, José Ramón},
year={2015}
},
@conference{Jose_Ramon_Martinez-Batlle_108047433,
title={An{\'a}lisis de los componentes principales de dep{\'o}sitos aluviales de la cuenca del r{\'i}o Ocoa, Rep{\'u}blica Dominicana},
journal={XI Congreso Internacional de Investigaci{\'o}n Cient{\'i}fica. Ministerio de Educaci{\'o}n Superior, Ciencia y Tecnolog{\'i}a (MESCyT)},
author={Martínez-Batlle, José Ramón and Rojas-Valerio, Wendy and Medina-Castillo, Edwin},
year={2015}
},
@conference{Jose_Ramon_Martinez-Batlle_108047709,
title={Avances en el conocimiento de la din{\'a}mica aluvial del r{\'i}o Ocoa a partir de an{\'a}lisis estad{\'i}stico de la tipolog{\'i}a y morfometr{\'i}a de 10,000 gravas y bloques},
journal={XI Congreso Internacional de Investigaci{\'o}n Cient{\'i}fica. Ministerio de Educaci{\'o}n Superior, Ciencia y Tecnolog{\'i}a (MESCyT)},
author={Martínez-Batlle, José Ramón and Rojas-Valerio, Wendy and Medina-Castillo, Edwin},
year={2015}
},
@conference{Jose_Ramon_Martinez-Batlle_108052894,
title={Bosques en r{\'e}gimen tropical y con contraste estacional de la cuenca del r{\'i}o Ocoa (I). Diversidad alpha de plantas le{\~n}osas, palmas y Cactaceae y factores explicativos, a partir del an{\'a}lisis de 24 muestreos de campo},
journal={XI Congreso Internacional de Investigaci{\'o}n Cient{\'i}fica. Ministerio de Educaci{\'o}n Superior, Ciencia y Tecnolog{\'i}a (MESCyT)},
author={Martínez-Batlle, José Ramón and Santos-Grullón, Iris and Laurencio-Girón, Gerónimo and Cámara-Artigas, Rafael and De-Aza-Concepción, María and Rojas-Valerio, Wendy and Medina-Castillo, Edwin},
year={2015}
},
@conference{Jose_Ramon_Martinez-Batlle_108052927,
title={El Cat{\'a}logo de plantas con semillas de las Indias Occidentales (Acevedo- Rodr{\'i}guez y Strong, 2012) {"}pasado por R{"}},
journal={XI Congreso Internacional de Investigaci{\'o}n Cient{\'i}fica. Ministerio de Educaci{\'o}n Superior, Ciencia y Tecnolog{\'i}a (MESCyT)},
author={Jos{\'e} Ram{\'o}n Mart{\'i}nez-Batlle},
year={2015}
},
@conference{Jose_Ramon_Martinez-Batlle_108049160,
title={La fotointerpretaci{\'o}n digital y la estad{\'i}stica inferencial como herramientas de determinaci{\'o}n preliminar de tipos litol{\'o}gicos: estudio a partir de la densidad de drenaje y la relaci{\'o}n de bifurcaci{\'o}n en la ciudad de Ocoa y su entorno},
journal={XI Congreso Internacional de Investigaci{\'o}n Cient{\'i}fica. Ministerio de Educaci{\'o}n Superior, Ciencia y Tecnolog{\'i}a (MESCyT)},
author={Martínez-Batlle, José Ramón and Laurencio-Girón, Gerónimo},
year={2015}
},
@conference{Jose_Ramon_Martinez-Batlle_108049302,
title={Terrazas fluviales, cauces trenzados, vertientes y piedemontes: avances en la delimitaci{\'o}n detallada de elementos morfol{\'o}gicos de la ciudad de Ocoa y su entorno mediante fotointerpretaci{\'o}n digital},
journal={XI Congreso Internacional de Investigaci{\'o}n Cient{\'i}fica. Ministerio de Educaci{\'o}n Superior, Ciencia y Tecnolog{\'i}a (MESCyT)},
author={Martínez-Batlle, José Ramón Herrera-Hernández, Dimitris and Laurencio-Girón, Gerónimo},
year={2015}
},
@conference{Jose_Ramon_Martinez-Batlle_108053251,
title={\textquestiondown Depende la diferenciaci{\'o}n de especies entre dos muestreos de la litolog{\'i}a o el relieve? An{\'a}lisis aplicado a 24 muestreos de bosques mes{\'o}filos de la cuenca del r{\'i}o Ocoa},
journal={ XI Congreso Internacional de Investigaci{\'o}n Cient{\'i}fica. Ministerio de Educaci{\'o}n Superior, Ciencia y Tecnolog{\'i}a (MESCyT)},
author={Jos{\'e} Ram{\'o}n Mart{\'i}nez-Batlle},
year={2015}
},
@conference{Jose_Ramon_Martinez-Batlle_108049360,
title={\textquestiondown Encontramos una captura fluvial identificando y midiendo {"}callaos{"} de r{\'i}o? Evidencia de una captura fluvial mediante an{\'a}lisis estad{\'i}stico de gravas y bloques: caso de los arroyos Parra y Naranjal},
journal={XI Congreso Internacional de Investigaci{\'o}n Cient{\'i}fica. Ministerio de Educaci{\'o}n Superior, Ciencia y Tecnolog{\'i}a (MESCyT)},
author={Martínez-Batlle, José Ramón and Santos-Grullón, Iris and Rojas-Valerio, Wendy and Medina-Castillo, Edwin and De-Aza-Concepción, María},
year={2015}
},
@conference{Jose_Ramon_Martinez-Batlle_108050134,
title={\textquestiondown Est{\'a} cambiando la hidr{\'a}ulica del r{\'i}o Ocoa? Evidencia geomorfol{\'o}gica mediante el an{\'a}lisis estad{\'i}stico de barras aluviales de la ciudad de Ocoa y Los Pilones},
journal={XI Congreso Internacional de Investigaci{\'o}n Cient{\'i}fica. Ministerio de Educaci{\'o}n Superior, Ciencia y Tecnolog{\'i}a (MESCyT)},
author={Martínez-Batlle, José Ramón and Laurencio-Girón, Gerónimo and Medina-Castillo, Edwin},
year={2015}
},
@conference{Jose_Ramon_Martinez-Batlle_108053568,
title={\textquestiondown Pueden contribuir la fotointerpretaci{\'o}n digital y la estad{\'i}stica inferencial en la detecci{\'o}n temprana de un deslizamiento? El caso de la Vuelta de la Paloma, cuenca del r{\'i}o Ocoa},
journal={XI Congreso Internacional de Investigaci{\'o}n Cient{\'i}fica. Ministerio de Educaci{\'o}n Superior, Ciencia y Tecnolog{\'i}a (MESCyT)},
author={Martínez-Batlle, José Ramón and Laurencio-Girón, Gerónimo},
year={2015}
},
@conference{Jose_Ramon_Martinez-Batlle_108053371,
title={\textquestiondown Qu{\'e} nos dice la geoestad{\'i}stica sobre la estructura, la biodiversidad y los factores del bosque? An{\'a}lisis aplicado a 24 muestreos de bosques mes{\'o}filos de la cuenca del r{\'i}o Ocoa},
journal={XI Congreso Internacional de Investigaci{\'o}n Cient{\'i}fica. Ministerio de Educaci{\'o}n Superior, Ciencia y Tecnolog{\'i}a (MESCyT)},
author={Martínez-Batlle, José Ramón and Santos-Grullón, Iris and Laurencio-Girón, Gerónimo and De-Aza-Concepción, María},
year={2015}
},
@conference{Jose_Ramon_Martinez-Batlle_108046657,
title={\textquestiondown Qu{\'e} tanto aumenta la informaci{\'o}n geomorfol{\'o}gica la fotogrametr{\'i}a digital? Geomorfolog{\'i}a de la ciudad de Barahona mediante fotointerpretaci{\'o}n digital: avances en la correcta clasificaci{\'o}n y la precisi{\'o}n geom{\'e}trica},
journal={XI Congreso Internacional de Investigaci{\'o}n Cient{\'i}fica. Ministerio de Educaci{\'o}n Superior, Ciencia y Tecnolog{\'i}a (MESCyT)},
author={Medina-Castillo, Edwin and Martínez-Batlle, José Ramón},
year={2015}
},
@conference{Jose_Ramon_Martinez-Batlle_108050214,
title={\textquestiondown Se asocian las caracter{\'i}sticas y los factores de la vegetaci{\'o}n con los modelos rango-abundancia de bosques de plantas le{\~n}osas, palmas y Cactaceae? An{\'a}lisis aplicado a 24 muestreos de bosques mes{\'o}filos de la cuenca del r{\'i}o Ocoa},
journal={XI Congreso Internacional de Investigaci{\'o}n Cient{\'i}fica. Ministerio de Educaci{\'o}n Superior, Ciencia y Tecnolog{\'i}a (MESCyT)},
author={Jos{\'e} Ram{\'o}n Mart{\'i}nez-Batlle},
year={2015}
},
@conference{Jose_Ramon_Martinez-Batlle_108053606,
title={El deslizamiento de la Vuelta de la Paloma, cuenca del r{\'i}o Ocoa, Rep{\'u}blica Dominicana: aplicaci{\'o}n de la fotointerpretaci{\'o}n digital y t{\'e}cnicas estad{\'i}sticas para su detecci{\'o}n preliminar},
journal={XV Encuentro de Ge{\'o}grafos de Am{\'e}rica Latina},
author={Martínez-Batlle, José Ramón and Laurencio-Girón, Gerónimo},
year={2015}
},
@conference{Jose_Ramon_Martinez-Batlle_108100939,
title={ Comparaci{\'o}n de la relaci{\'o}n de bifurcaci{\'o}n y densidad de drenaje en cuencas vertientes del entorno de Ocoa (Rep{\'u}blica Dominicana) mediante fotointerpretaci{\'o}n digital: aplicaciones en estudios geomorfol{\'o}gicos y geol{\'o}gicos.},
journal={XIII Jornadas de Investigaci{\'o}n Cient{\'i}fica. Universidad Aut{\'o}noma de Santo Domingo (UASD)},
author={Martínez-Batlle, José Ramón and Laurencio-Girón, Gerónimo},
year={2014}
},
@conference{Jose_Ramon_Martinez-Batlle_108100916,
title={An{\'a}lisis comparado de las redes de drenaje de la cuenca del r{\'i}o Ocoa (Rep{\'u}blica Dominicana), generadas a partir del mapa topogr{\'a}fico nacional 1:50,000 y el modelo digital de elevaciones ASTER (30 m), usando ArcGIS y GRASS GIS},
journal={XIII Jornadas de Investigaci{\'o}n Cient{\'i}fica. Universidad Aut{\'o}noma de Santo Domingo (UASD)},
author={Santos-Grullón, Iris and Martínez-Batlle, José Ramón},
year={2014}
},
@conference{Jose_Ramon_Martinez-Batlle_108100865,
title={Bosques en r{\'e}gimen tropical y con contraste estacional de la cuenca del r{\'i}o Ocoa (I). Resultados preliminares de la diversidad alpha aplicado a 24 muestreos de campo},
journal={XIII Jornadas de Investigaci{\'o}n Cient{\'i}fica. Universidad Aut{\'o}noma de Santo Domingo (UASD)},
author={Martínez-Batlle, José Ramón and Santos-Grullón, Iris and Laurencio-Girón, Gerónimo and Cámara-Artigas, Rafael},
year={2014}
},
@conference{Jose_Ramon_Martinez-Batlle_108101000,
title={Geomorfolog{\'i}a de la ciudad de Barahona (Rep{\'u}blica Dominicana) mediante fotointerpretaci{\'o}n digital: avances en la correcta clasificaci{\'o}n y la precisi{\'o}n geom{\'e}trica},
journal={XIII Jornadas de Investigaci{\'o}n Cient{\'i}fica. Universidad Aut{\'o}noma de Santo Domingo (UASD)},
author={Medina-Castillo, Edwin and Martínez-Batlle, José Ramón},
year={2014}
},
@conference{Jose_Ramon_Martinez-Batlle_108100990,
title={Geomorfolog{\'i}a del pueblo de Ocoa y su entorno: cartograf{\'i}a de detalle mediante reconocimiento de terreno y fotointerpretaci{\'o}n digital},
journal={XIII Jornadas de Investigaci{\'o}n Cient{\'i}fica. Universidad Aut{\'o}noma de Santo Domingo (UASD)},
author={Martínez-Batlle, José Ramón and Herrera-Hernández, Dimitris and Laurencio-Girón, Gerónimo},
year={2014}
},
@conference{Jose_Ramon_Martinez-Batlle_108101655,
title={Comparaci{\'o}n de las redes de drenaje obtenidas del mapa topogr{\'a}fico nacional y un MDE-ASTER de resoluci{\'o}n media, cuenca del r{\'i}o Ocoa, Rep{\'u}blica Dominicana: an{\'a}lisis morfom{\'e}trico, estad{\'i}stica descriptiva y geoestad{\'i}stica},
journal={X Congreso Internacional de Investigaci{\'o}n Cient{\'i}fica. Ministerio de Educaci{\'o}n Superior, Ciencia y Tecnolog{\'i}a (MESCyT)},
author={Santos-Grullón, Iris and Martínez-Batlle, José Ramón},
year={2014}
},
@conference{Jose_Ramon_Martinez-Batlle_108101322,
title={El Servidor de Mapas del Instituto Geogr{\'a}fico Universitario (SIGU) adquirido mediante proyecto FONDOCyT},
journal={X Congreso Internacional de Investigaci{\'o}n Cient{\'i}fica. Ministerio de Educaci{\'o}n Superior, Ciencia y Tecnolog{\'i}a (MESCyT)},
author={Martínez-Batlle, José Ramón and Aranguren-Cotallo, Arturo},
year={2014}
},
@conference{Jose_Ramon_Martinez-Batlle_108101266,
title={Homogeneizaci{\'o}n, an{\'a}lisis de tendencia y superficies continuas de precipitaci{\'o}n y temperatura de la cuenca del r{\'i}o Ocoa, usando t{\'e}cnicas de estad{\'i}stica inferencial y geoestad{\'i}stica.},
journal={X Congreso Internacional de Investigaci{\'o}n Cient{\'i}fica. Ministerio de Educaci{\'o}n Superior, Ciencia y Tecnolog{\'i}a (MESCyT)},
author={Martínez-Batlle, José Ramón and Herrera-Hernández, Dimitris},
year={2014}
},
@conference{Jose_Ramon_Martinez-Batlle_108101335,
title={Ortorrectificaci{\'o}n de fotogramas a{\'e}reos de la cuenca del r{\'i}o Ocoa donados por el INDRHI. Aplicaciones en geomorfolog{\'i}a y biogeograf{\'i}a},
journal={X Congreso Internacional de Investigaci{\'o}n Cient{\'i}fica. Ministerio de Educaci{\'o}n Superior, Ciencia y Tecnolog{\'i}a (MESCyT)},
author={Laurencio-Girón, Gerónimo and Martínez-Batlle, José Ramón},
year={2014}
},
@conference{Jose_Ramon_Martinez-Batlle_108101339,
title={Ortorrectificaci{\'o}n de fotogramas a{\'e}reos de la sierra de Bahoruco donados por el INDRHI. Aplicaciones en geomorfolog{\'i}a y biogeograf{\'i}a},
journal={X Congreso Internacional de Investigaci{\'o}n Cient{\'i}fica. Ministerio de Educaci{\'o}n Superior, Ciencia y Tecnolog{\'i}a (MESCyT)},
author={Medina-Castillo, Edwin and Martínez-Batlle, José Ramón},
year={2014}
},
@conference{Jose_Ramon_Martinez-Batlle_108102009,
title={An{\'a}lisis cuantitativo de la diversidad de faner{\'o}fitas y cam{\'e}fitas en ocho transectos de la Hoya de Enriquillo, Rep{\'u}blica Dominicana: rango-abundancia, an{\'a}lisis comparado y agrupamiento},
journal={X Congreso Internacional de Investigaci{\'o}n Cient{\'i}fica. Ministerio de Educaci{\'o}n Superior, Ciencia y Tecnolog{\'i}a (MESCyT)},
author={Cámara-Artigas, Rafael and Martínez-Batlle, José Ramón and Herrera-Hernández, Dimitris},
year={2014}
},
@conference{Jose_Ramon_Martinez-Batlle_108102026,
title={Estudio geobot{\'a}nico comparado de las lomas la Cruz y de Cholo, cuenca del r{\'i}o Ocoa, Rep{\'u}blica Dominicana: bosques meso-trop{\'o}filos en morfosistema poligen{\'e}tico de karst y flysch},
journal={VIII Congreso de Biodiversidad Caribe{\~n}a. Universidad Aut{\'o}noma de Santo Domingo (UASD)},
author={Martínez-Batlle, José Ramón and Herrera-Hernández, Dimitris and Cámara-Artigas, Rafael and Santos-Grullón, Iris and Laurencio-Girón, Gerónimo and Medina-Castillo, Edwin},
year={2014}
},
@conference{Jose_Ramon_Martinez-Batlle_108102032,
title={Estudio geobot{\'a}nico de Monteada Nueva, Cortico y Cachote, sierra de Bahoruco, Rep{\'u}blica Dominicana: superficies corrosivas, pedimentos y bosques nublados amenazados en karst de monta{\~n}a tropical},
journal={VIII Congreso de Biodiversidad Caribe{\~n}a. Universidad Aut{\'o}noma de Santo Domingo (UASD)},
author={Martínez-Batlle, José Ramón and Cámara-Artigas, Rafael and Santos-Grullón, Iris and Herrera-Hernández, Dimitris and Medina-Castillo, Edwin and Laurencio-Girón, Gerónimo},
year={2014}
},
@conference{Jose_Ramon_Martinez-Batlle_76606520,
title={Caracterizaci{\'o}n biogeogr{\'a}fica y distribuci{\'o}n de los bosques nublados de monta{\~n}a en Bahoruco Oriental, Rep{\'u}blica Dominicana},
journal={VIII Congreso Espa{\~n}ol de Biogeograf{\'i}a. Biogeograf{\'i}a de Sistemas Litorales. Din{\'a}mica y Conservaci{\'o}n. Vicerrectorado de Investigaci{\'o}n de la Universidad de Sevilla. Grupo de Geograf{\'i}a F{\'i}sica de la Asociaci{\'o}n Espa{\~n}ola de Geograf{\'i}a (AGE)},
author={Quílez-Caballero, África and Martínez-Batlle, José Ramón and Cámara-Artigas},
year={2014}
},
@article{Jose_Ramon_Martinez-Batlle_76609683,
title={Geomorfolog{\'i}a y geobot{\'a}nica de Monteada Nueva, Cortico y Cachote, sierra de Bahoruco, Rep{\'u}blica Dominicana: superficies corrosivas, pedimentos y bosques nublados amenazados en karst de monta{\~n}a media tropical},
journal={Anuario de Investigaciones Cient{\'i}ficas. Universidad Aut{\'o}noma de Santo Domingo (UASD)},
author={Martínez-Batlle, José Ramón and Cámara-Artigas, Rafael and Santos-Grullón, Iris and Laurencio-Girón, Gerónimo and Herrera-Hernández, Dimitris and Medina-Castillo, Edwin and Laurencio-Girón, Gerónimo},
year={2014}
},
@conference{Jose_Ramon_Martinez-Batlle_108102314,
title={Metodolog{\'i}a para el estudio de sistemas de arrecifes de coral con im{\'a}genes de sat{\'e}lite LandSat: sistema arrecifal de Cabedelo-Cabo Branco (Joao Pessoa, estado de Pernambuco, Brasil).},
journal={VIII Congreso Espa{\~n}ol de Biogeograf{\'i}a. Biogeograf{\'i}a de Sistemas Litorales. Din{\'a}mica y Conservaci{\'o}n. Vicerrectorado de Investigaci{\'o}n de la Universidad de Sevilla. Grupo de Geograf{\'i}a F{\'i}sica de la Asociaci{\'o}n Espa{\~n}ola de Geograf{\'i}a (AGE)},
author={Gómez-Ponce, Cinta and Cámara-Artigas, Rafael and Martínez-Batlle, José Ramón and Díaz-del-Olmo, Fernando},
year={2014}
},
@conference{Jose_Ramon_Martinez-Batlle_108102047,
title={Geomorfolog{\'i}a y geobot{\'a}nica de Monteada Nueva, Cortico y Cachote, sierra de Bahoruco, Rep{\'u}blica Dominicana: superficies corrosivas, pedimentos y bosques nublados amenazados en karst de monta{\~n}a media tropical},
journal={XIII Jornadas de Investigaci{\'o}n Cient{\'i}fica. Universidad Aut{\'o}noma de Santo Domingo (UASD)},
author={Martínez-Batlle, José Ramón and Cámara-Artigas, Rafael and Santos-Grullón, Iris and Herrera-Hernández, Dimitris and Medina-Castillo, Edwin and Laurencio-Girón, Gerónimo},
year={2013}
},
@conference{Jose_Ramon_Martinez-Batlle_108102200,
title={Estudio comparativo de las formaciones vegetales de monta{\~n}a media tropical sobre relieves calizos karstificados. Sierra de Bahoruco (Rep{\'u}blica Dominicana)-Sierra Madre Oriental (Tamaulipas, M{\'e}xico)},
journal={VII Congreso espa{\~n}ol de Biogeograf{\'i}a, Pirineo 2012. Las zonas de monta{\~n}a: gesti{\'o}n y biodiversidad. Grup de Recerca en \`{A}rees de Muntanya i Paisatge, Departament de Geograf{\'i}a, Universitat Aut{\`o}noma de Barcelona. Fundaci{\'o} Catalunya Caixa. M{\'o}nNatura Pirineus},
author={Martínez-Batlle, José Ramón and Cámara-Artigas, Rafael},
year={2012}
},
@phdthesis{batlle2012sierra, title= {Sierra de Bahoruco Occidental, Rep{\'u}blica Dominicana: estudio biogeomorfol{\'o}gico y estado de conservaci{\'o}n de su parque nacional}, author= {Martínez-Batlle, José Ramón}, year= {2012}, school= {Universidad de Sevilla}}

,
@article{ponce2010metodologia, title= {Metodolog{\'i}a para la realizaci{\'o}n de batimetr{\'i}as con im{\'a}genes de sat{\'e}lite Landsat: Ejemplos de sistemas arrecifales coralinos al este de Rep{\'u}blica Dominicana}, author= {Gómez-Ponce, Cinta and Martínez-Batlle, José Ramón and Cámara-Artigas, Rafael}, journal= {Mapping}, number= {142}, pages= {46--50}, year= {2010}, publisher= {eGeoMapping}}

,
@inproceedings{del2009diagnostico, title= {Diagn{\'o}stico y ordenaci{\'o}n del Manglar de la Provincia de Chiriqu{\'i} (Panam{\'a})}, author= {Díaz-del-Olmo, Fernando and Cámara-Artigas, Rafael and Martínez-Batlle, José Ramón}, booktitle= {Geograf{\'i}a: ciencia de la tierra para la sostenibilidad}, pages= {55--78}, year= {2009}}
,
@article{diaz2009evenement, title= {L'{\'e}v{\`e}nement climatique extr{\^e}me tropical (ECET) du 21 novembre 2006: analyse hydro-g{\'e}omorphologique et gestion int{\'e}gr{\'e}e des bassins versants hydrographiques tropicaux}, author= {Díaz-del-Olmo, Fernando and Martínez-Batlle, José Ramón and Cámara-Artigas, Rafael and Salomon, Jean-No{\"e}l}, journal= {Les Cahiers d'Outre-Mer}, number= {2}, pages= {219--240}, year= {2009}, publisher= {Presses universitaires de Bordeaux}}

,
@book{Jose_Ramon_Martinez-Batlle_107991988,
title={Directrices de ordenaci{\'o}n para la gesti{\'o}n integrada de las cuencas de los r{\'i}os Indio y Miguel de la Borda},
journal={Fondo Mixto Hispano-Paname{\~n}o de Cooperaci{\'o}n, Autoridad Nacional del Ambiente (ANAM)},
author={Martínez-Batlle, José Ramón and Díaz-del-Olmo, Fernando and Cámara-Artigas, Rafael and González, Liboria and Ramos, María del Carmen},
isbn={978-9962-653-08-0},
year={2008}
},
@conference{Jose_Ramon_Martinez-Batlle_107991418,
title={Estructura y geobot{\'a}nica de la vegetaci{\'o}n de bosques trop{\'o}filos y hel{\'o}filos tropicales en antiguos humedales colmatados: laguna de Lim{\'o}n y En medio (Hoya de Enriquillo, Rep{\'u}blica Dominicana)},
journal={IV Congreso Espa{\~n}ol de Biogeograf{\'i}a. Avances en biogeograf{\'i}a. \'{A}vila},
author={Cámara-Artigas, Rafael and Bejarano-Palma, Rosalía and Martínez-Batlle, José Ramón and Díaz-del-Olmo, Fernando},
isbn={978-84-691-2538-0},
year={2006}
},
isc{2005Mdua,
author = {Díaz-del-Olmo, Fernando and Cámara-Artigas, Rafael and Martínez-Batlle, José Ramón and Gómez-Ponce, Cinta},
publisher = {Fondo mixto hispano-panameño de cooperación},
year = {2005},
title = {Mapa de unidades ambientales en el Golfo de Kuna Yala (Panamá) [Material cartográfico] = Environmental units mapping Kuna Yala Gulf (Panama) /},
language = {spa},
address = {Panamá]},
}
,
@conference{Jose_Ramon_Martinez-Batlle_108102758,
title={Formaciones vegetales relictas: pinares y bosques nublados entre 1.000 y 2.400 m. en la sierra de Bahoruco (suroeste de Rep{\'u}blica Dominicana)},
journal={I Congreso Internacional de Investigaci{\'o}n Cient{\'i}fica. Ministerio de Educaci{\'o}n Superior, Ciencia y Tecnolog{\'i}a (MESCyT)},
author={Jos{\'e} Ram{\'o}n Mart{\'i}nez-Batlle},
year={2005}
},
@conference{Jose_Ramon_Martinez-Batlle_108102743,
title={Jiman{\'i}: claves geomorfol{\'o}gicas de la riada},
journal={I Congreso Internacional de Investigaci{\'o}n Cient{\'i}fica. Ministerio de Educaci{\'o}n Superior, Ciencia y Tecnolog{\'i}a (MESCyT)},
author={Jos{\'e} Ram{\'o}n Mart{\'i}nez-Batlle},
year={2005}
},
@conference{Jose_Ramon_Martinez-Batlle_108102772,
title={Cambios decenales (1973-99) de formaciones vegetales tropicales en la provincia Pedernales (Rep{\'u}blica Dominicana). aplicaci{\'o}n de t{\'e}cnicas cartogr{\'a}ficas y sensores remotos (Landsat MSS, ETM+)},
journal={V Congreso de Biodiversidad Caribe{\~n}a. Universidad Aut{\'o}noma de Santo Domingo (UASD)},
author={Jos{\'e} Ram{\'o}n Mart{\'i}nez-Batlle},
year={2005}
},
@conference{Jose_Ramon_Martinez-Batlle_108102787,
title={Evoluci{\'o}n hist{\'o}rica de los manglares del humedal de las bah{\'i}as de Monte Cristi y Manzanillo (parque nacional de Montecristi, Rep{\'u}blica Dominicana)},
journal={V Congreso de Biodiversidad Caribe{\~n}a. Universidad Aut{\'o}noma de Santo Domingo (UASD)},
author={Jos{\'e} Ram{\'o}n Mart{\'i}nez-Batlle},
year={2005}
},
@conference{Jose_Ramon_Martinez-Batlle_108102793,
title={Nuevas tendencias en la ordenaci{\'o}n de recursos naturales y {\'a}reas protegidas en el caribe (Panam{\'a}, Costa Rica y Rep{\'u}blica Dominicana)},
journal={V Congreso de Biodiversidad Caribe{\~n}a. Universidad Aut{\'o}noma de Santo Domingo (UASD)},
author={Jos{\'e} Ram{\'o}n Mart{\'i}nez-Batlle},
year={2005}
},
@book{artigas2005desarrollo, title= {Desarrollo sostenible y medio ambiente en Rep{\'u}blica Dominicana: medios naturales, manejo hist{\'o}rico, conservaci{\'o}n y protecci{\'o}n}, author= {Cámara-Artigas, Rafael and Martínez-Batlle, José Ramón and Díaz-del-Olmo, Fernando}, isbn= {9788400083922}, lccn= {2007436538}, series= {Colecci{\'o}n Americana}, url= {https://books.google.com.do/books?id=tfe4CCivLzYC}, year= {2005}, publisher= {Consejo Superior de Investigaciones Cient{\'\i}ficas, Escuela de Estudios Hispano-Americanos, Universidad de Sevilla}}

,
@misc{2005Mdcr,
author = {Díaz-del-Olmo, Fernando and Cámara-Artigas, Rafael and Martínez-Batlle, José Ramón and Gómez-Ponce, Cinta},
publisher = {Fondo mixto hispano-panameño de cooperación},
year = {2005},
title = {Mapa de comunidades, recursos turísticos y servicios del Golfo de Kuna Yala [Material cartográfico]},
language = {spa},
address = {Panamá]},
}
,
@misc{2005Mdod,
author = {Díaz-del-Olmo, Fernando and Cámara-Artigas, Rafael and Martínez-Batlle, José Ramón and Gómez-Ponce, Cinta},
publisher = {Fondo mixto hispano-panameño de cooperación},
year = {2005},
title = {Mapa de ordenación de los recursos naturales del Golfo de Kuna Yala [Material cartográfico] = Environmental management mapping, Kuna Yala Gulf (Panama)},
language = {spa},
address = {Panamá]},
}
,
misc{2005Mgdg,
author = {Díaz-del-Olmo, Fernando and Cámara-Artigas, Rafael and Martínez-Batlle, José Ramón and Gómez-Ponce, Cinta},
publisher = {Fondo mixto hispano-panameño de cooperación},
year = {2005},
title = {Mapa geográfico del golfo de Kuna Yala [Material cartográfico]},
language = {spa},
address = {Panamá]},
}
,
@conference{Jose_Ramon_Martinez-Batlle_108102924,
title={Comportamiento din{\'a}mico estacional del humedal tropical de la laguna de Cabral (Hoya de Enriquillo, Rep{\'u}blica Dominicana): sector San Crist{\'o}bal},
journal={III Congreso Espa{\~n}ol de Biogeograf{\'i}a. Comunicaciones. Isla de Txatxarramendi (Sukarrieta), Reserva de la Biosfera de Urdaibai. Universidad del Pa{\'i}s Vasco.},
author={Cámara-Artigas, Rafael and Martínez-Batlle, José Ramón and Díaz-del-Olmo, Fernando},
year={2004}
},
@inproceedings{batlle2004arrecifes, title= {Arrecifes frangeantes de Paso de Catuano (Parque Nacional del Este, Rep{\'u}blica Dominicana)}, author= {Gómez-Ponce, Cinta and Martínez-Batlle, José Ramón and Cámara-Artigas, Rafael and Díaz-del-Olmo, Fernando}, booktitle= {Fronteras en movimiento}, pages= {307--316}, year= {2004}, organization= {Universidad de Huelva}}

,
@book{Jose_Ramon_Martinez-Batlle_108001058,
title={Directrices de gestio\'n para la conservacio\'n y desarrollo integral de un humedal centroamericano : Golfo de Montijo (litoral del Paci\'fico, Panama\')},
publisher={Agencia Espa{\~n}ola De Cooperaci{\'o}n Internacional},
author={Díaz-del-Olmo, Fernando and Cámara-Artigas, Rafael and Martínez-Batlle, José Ramón and Morón-Monge, María del Carmen},
isbn={978-9962-653-02-8},
year={2004}
},
@book{2004Dyrp,publisher={Ministerio de Economía y Finanzas de Panamá, Autoridad Nacional del Ambiente de Panamá, Embajada de España en Panamá, Cooperación española},author={Díaz-del-Olmo, Fernando and Cámara-Artigas, Rafael and Martínez-Batlle, José Ramón and Morón-Monge, María del Carmen},isbn={9962-653-02-9},year={2004},title={Directrices y recomendaciones para el uso y gestión sostenible de los manglares de Chiriquí (República de Panamá)},language={spa},address={Panamá},keywords={Manglares -- Conservación -- Chiriquí (Panamá)}}
,
@book{Jose_Ramon_Martinez-Batlle_108002351,
title={Plan de Ordenaci{\'o}n de los Recursos Naturales de la Provincia Pedernales},
publisher={Oficina Nacional de Planificaci{\'o}n (ONAPLAN) del Secretariado T{\'e}cnico de la Presidencia de Rep{\'u}blica Dominicana; Agencia Espa{\~n}ola de Cooperaci{\'o}n Internacional},
author={Díaz-del-Olmo, Fernando and Cámara-Artigas, Rafael and Martínez-Batlle, José Ramón},
year={2004}
},
@article{martinez2003arrecifes,
  title={Arrecifes costeros sumergidos en paso de Catuano (Parque Nacional del Este, Rep{\'u}blica Dominicana): caracterizaci{\'o}n biosedimentaria y aplicaci{\'o}n a la ordenaci{\'o}n de unidades ambientales},
  author={Martínez-Batlle, José Ramón and Gómez-Ponce, Cinta and Cámara-Artigas, Rafael and Díaz-del-Olmo, Fernando},
  journal={XI Reuni{\'o}n nacional de Cuaternario},
  pages={27--32},
  year={2003}
},
@conference{Jose_Ramon_Martinez-Batlle_108103180,
title={Din{\'a}mica aluvial y riesgos naturales por inundaciones en regiones tropicales: conos de desbordamiento de Vicente Noble y Tamayo, Rep{\'u}blica Dominicana},
journal={XI Reuni{\'o}n Nacional de Cuaternario (XI-RENAQ). Asociaci{\'o}n Espa{\~n}ola de Cuaternario (AEQUA)},
author={Jos{\'e} Ram{\'o}n Mart{\'i}nez-Batlle},
year={2003}
},
@conference{Jose_Ramon_Martinez-Batlle_108103244,
title={Arrecifes frangeantes de Paso de Catuano (Parque Nacional del Este, Rep{\'u}blica Dominicana)},
journal={Fronteras en movimiento. IX Coloquio Ib{\'e}rico de Geograf{\'i}a. Huelva},
author={Martínez-Batlle, José Ramón and Cámara-Artigas, Rafael and Díaz-del-Olmo, Fernando and Gómez-Ponce, Cinta},
year={2002}
},
@incollection{del2002hatos, title= {Hatos caribe{\~n}os y dehesas andaluzas. Paisaje y estructura parcelaria}, author= {Díaz-del-Olmo, Fernando and Cámara-Artigas, Rafael and Martínez-Batlle, José Ramón}, booktitle= {Cuba y Andaluc{\'\i}a entre las dos orillas}, volume= {422}, pages= {303}, year= {2002}, publisher= {Editorial CSIC-CSIC Press}}

,
@MastersThesis{martinez2002sabanas, title= {Sabanas de la Rep{\'u}blica Dominicana: an{\'a}lisis ecodin{\'a}mico de patrones tipol{\'o}gicos y sus ecotonos}, author= {Martínez-Batlle, José Ramón}, journal= {Proyecto de investigaci{\'o}n de Doctorado Cambios ambientales y riesgos naturales. Departamento de geograf{\'i}a f{\'i}sica y an{\'a}lisis geogr{\'a}fico regional, Universidad de Sevilla}, year= {2002}, school= {Departamento de Geograf{\'i}a F{\'i}sica y An{\'a}lisis Regional, Universidad de Sevilla}}

